<?xml version="1.0" encoding="UTF-8"?><collection xmlns="http://www.loc.gov/MARC21/slim"><record><leader>00392nam--2200157-i-4500</leader><controlfield tag="001">000004488</controlfield><controlfield tag="002">20161230</controlfield><controlfield tag="005">20170114165356</controlfield><controlfield tag="008">060222s1000------------r-----000-0-eng-d</controlfield><datafield ind1=" " ind2=" " tag="100"><subfield code="a">Bisi, A</subfield></datafield><datafield ind1=" " ind2=" " tag="245"><subfield code="a">On the -decay of 171t</subfield></datafield><datafield ind1=" " ind2=" " tag="260"><subfield code="a">Milano</subfield><subfield code="b">Inst.Di Fisica Sperimentale Del Politec Nico</subfield><subfield code="c">1955</subfield></datafield><datafield ind1=" " ind2=" " tag="300"><subfield code="a">1 p</subfield></datafield><datafield ind1=" " ind2=" " tag="700"><subfield code="a">Terrani, S</subfield></datafield><datafield ind1=" " ind2=" " tag="852"><subfield code="a">5993</subfield></datafield><datafield ind1=" " ind2=" " tag="CAT"><subfield code="a">SYS</subfield><subfield code="c">20170114</subfield><subfield code="h">165356</subfield></datafield></record></collection>